<?xml version="1.0" encoding="utf-8"?>
<record xmlns="http://www.loc.gov/MARC21/slim" xmlns:xsi="http://www.w3.org/2001/XMLSchema-instance" xsi:schemaLocation="http://www.loc.gov/MARC21/slim http://www.loc.gov/standards/marcxml/schema/MARC21slim.xsd">
	<leader>     nam a22        4500</leader>
	<controlfield tag="001">001682231</controlfield>
	<controlfield tag="003">NNU</controlfield>
	<controlfield tag="006">m        d        </controlfield>
	<controlfield tag="007">cr cn |||m|||a</controlfield>
	<controlfield tag="008">160519r19601911iq a    o     000 0 ara d</controlfield>
	<datafield ind1=" " ind2=" " tag="040">
		<subfield code="a">NNU</subfield>
		<subfield code="b">eng</subfield>
		<subfield code="e">rda</subfield>
		<subfield code="c">NNU</subfield>
	</datafield>
	<datafield ind1=" " ind2="4" tag="050">
		<subfield code="a">QB23</subfield>
		<subfield code="b">.N3 1960z</subfield>
	</datafield>
	<datafield ind1="1" ind2=" " tag="100">
		<subfield code="6">880-01</subfield>
		<subfield code="a">Nallino, Carlo Alfonso,</subfield>
		<subfield code="d">1872-1938.</subfield>
	</datafield>
	<datafield ind1="1" ind2="0" tag="245">
		<subfield code="6">880-02</subfield>
		<subfield code="a">Ilm al-falak ʻinda al-ʻArab fl̄ al-Qurūn al-Wusṭá /</subfield>
		<subfield code="c">mulakhkhaṣ al-Muḥāḍarāt allatī alqāhā bil-Jāmiʻah al-Miṣriyah Kārlū Nallīnū.</subfield>
	</datafield>
	<datafield ind1=" " ind2=" " tag="260">
		<subfield code="6">880-03</subfield>
		<subfield code="a">Baghdād :</subfield>
		<subfield code="b">Maktabat al Mathanná,</subfield>
		<subfield code="c">[196-]</subfield>
	</datafield>
	<datafield ind1=" " ind2=" " tag="300">
		<subfield code="a">online resource (370 pages) :</subfield>
		<subfield code="b">illustrations</subfield>
	</datafield>
	<datafield ind1=" " ind2=" " tag="336">
		<subfield code="a">text</subfield>
		<subfield code="2">rdacontent</subfield>
	</datafield>
	<datafield ind1=" " ind2=" " tag="337">
		<subfield code="a">computer</subfield>
		<subfield code="2">rdamedia</subfield>
	</datafield>
	<datafield ind1=" " ind2=" " tag="338">
		<subfield code="a">online resource</subfield>
		<subfield code="2">rdacarrier</subfield>
	</datafield>
	<datafield ind1=" " ind2=" " tag="500">
		<subfield code="a">Title on added t.p.: Arabian astronomy, its history during the medieval times, by Carlo Nallino.</subfield>
	</datafield>
	<datafield ind1=" " ind2=" " tag="500">
		<subfield code="a">Part of the Arabic Collections Online (ACO) project, contributed by New York Univeristy Libraries.</subfield>
	</datafield>
	<datafield ind1=" " ind2=" " tag="533">
		<subfield code="a">Electronic reproduction.</subfield>
		<subfield code="b">New York, N.Y. :</subfield>
		<subfield code="c">New York University,</subfield>
		<subfield code="d">2016.</subfield>
		<subfield code="5">NNU</subfield>
	</datafield>
	<datafield ind1=" " ind2=" " tag="534">
		<subfield code="p">Reprint. Originally published:</subfield>
		<subfield code="c">Rūmā : al-Jāmiʻah al-Misrīyah, 1911.</subfield>
	</datafield>
	<datafield ind1=" " ind2="0" tag="650">
		<subfield code="a">Astronomy, Arab.</subfield>
	</datafield>
	<datafield ind1=" " ind2="7" tag="650">
		<subfield code="a">Astronomy, Arab.</subfield>
		<subfield code="2">fast</subfield>
		<subfield code="0">(OCoLC)fst00819764</subfield>
	</datafield>
	<datafield ind1="2" ind2=" " tag="710">
		<subfield code="a">New York University.</subfield>
		<subfield code="b">Libraries.</subfield>
	</datafield>
	<datafield ind1="0" ind2=" " tag="730">
		<subfield code="a">Arabic Collections Online.</subfield>
	</datafield>
	<datafield ind1="0" ind2=" " tag="740">
		<subfield code="a">Arabian astronomy.</subfield>
	</datafield>
	<datafield ind1="0" ind2="8" tag="776">
		<subfield code="i">Print version:</subfield>
		<subfield code="a">Nallino, Carlo Alfonso, 1872-1938.</subfield>
		<subfield code="t">Ilm al-falak ʻinda al-ʻArab fl̄ al-Qurūn al-Wusṭá</subfield>
		<subfield code="w">(NNU)001682231</subfield>
		<subfield code="w">(DLC)ne 64001155</subfield>
	</datafield>
	<datafield ind1="4" ind2="0" tag="856">
		<subfield code="u">http://hdl.handle.net/2333.1/5hqbzpkt</subfield>
	</datafield>
	<datafield ind1="1" ind2=" " tag="880">
		<subfield code="6">100-01/</subfield>
		<subfield code="a">نلينو، كارلو،</subfield>
		<subfield code="d">1872-1938.</subfield>
	</datafield>
	<datafield ind1="1" ind2="0" tag="880">
		<subfield code="6">245-02/</subfield>
		<subfield code="a">‏علم الفلك عند العرب في القرون الوسطى /‏</subfield>
		<subfield code="c">‏ملخص المحاضرات اللتى ألقاها بالجامعة المصرية كارلو نلينو.</subfield>
	</datafield>
	<datafield ind1=" " ind2=" " tag="880">
		<subfield code="6">260-03/</subfield>
		<subfield code="a">‏بغداد :‏</subfield>
		<subfield code="b">‏مكتبة المثنى،‏</subfield>
		<subfield code="c">‏[١٩٦-؟]</subfield>
	</datafield>
	<datafield ind1=" " ind2=" " tag="959">
		<subfield code="a">NNU</subfield>
		<subfield code="b">WEB</subfield>
		<subfield code="c">GENI</subfield>
		<subfield code="t">0</subfield>
		<subfield code="m">Electronic access</subfield>
		<subfield code="s">01</subfield>
	</datafield>
	<datafield ind1=" " ind2=" " tag="999">
		<subfield code="i">NNU_001682231</subfield>
		<subfield code="s">nyu_aco001569</subfield>
	</datafield>
</record>
